<?xml version="1.0" encoding="UTF-8"?><collection xmlns="http://www.loc.gov/MARC21/slim"><record><leader>00633nam--2200181-i-4500</leader><controlfield tag="001">000009491</controlfield><controlfield tag="002">20161230</controlfield><controlfield tag="005">20161230201028</controlfield><controlfield tag="008">060222s1000------------r-----000-0-fre-d</controlfield><datafield ind1=" " ind2=" " tag="040"><subfield code="a">IFIN-HH</subfield></datafield><datafield ind1=" " ind2=" " tag="041"><subfield code="a">fre</subfield></datafield><datafield ind1=" " ind2=" " tag="080"><subfield code="a">539.124.143(043)</subfield></datafield><datafield ind1="1" ind2=" " tag="100"><subfield code="a">Geoffroy, Michel</subfield></datafield><datafield ind1="1" ind2="0" tag="245"><subfield code="a">Etude par resonance paramagnetique electronique de radicaux localises sur un atome de phosphore, de soufre ou de silicium, et resultant de l'action de rayons ionisants sur des cristaux organiques</subfield><subfield code="b">These</subfield><subfield code="c">Michel geoffroy</subfield></datafield><datafield ind1=" " ind2=" " tag="260"><subfield code="a">Strasbourg</subfield><subfield code="b">Universite</subfield><subfield code="c">1972</subfield></datafield><datafield ind1=" " ind2=" " tag="300"><subfield code="a">170P</subfield></datafield><datafield ind1=" " ind2=" " tag="852"><subfield code="a">40528</subfield><subfield code="c">539.143.43</subfield></datafield><datafield ind1=" " ind2=" " tag="CAT"><subfield code="a">Sys</subfield><subfield code="c">20120509</subfield><subfield code="h">105255</subfield></datafield></record></collection>